@article{liuWang2013:agentTypesHLPE,
  title={Reasoning about agent types and the hardest logic puzzle ever},
  author={Liu, Fenrong and Wang, Yanjing},
  journal={Minds and Machines},
  volume={23},
  number={1},
  pages={123--161},
  publisher={Springer},
  year = 2013,
  doi = {10.1007/s11023-012-9287-x},
  url = {http://dx.doi.org/10.1007/s11023-012-9287-x},
}

@book{Knuth11CombAlg,
  author = "Knuth, Donald E.",
  publisher = "Addison-Wesley Professional",
  title = "{The Art of Computer Programming. Combinatorial Algorithms, Part 1}",
  volume = "4A",
  year = 2011
}

@incollection{Schmidt-2014,
    title={Heuristic-Driven Theory Projection: An Overview},
    author={M. Schmidt and U. Krumnack and H. Gust and K.U. K{\"u}hnberger},
    pages={163-194},
    publisher={Springer},
    year={2014},
    booktitle={Computational Approaches to Analogical Reasoning: Current Trends},
    editor={H. Prade and G. Richard},
    volume={548},
    doi={10.1007/978-3-642-54516-0_7},
    ISBN={978-3-642-54515-3}
}

@book{gentner,
    author = {Gentner, Dedre and Holyoak, Keith J. and Kokinov, Boicho N.},
    title = "{The Analogical Mind: Perspectives from Cognitive Science}",
    publisher = {The MIT Press},
    year = {2001},
    month = {03},
    abstract = "{Analogy has been the focus of extensive research in cognitive science over the past two decades. Through analogy, novel situations and problems can be understood in terms of familiar ones. Indeed, a case can be made for analogical processing as the very core of cognition. This is the first book to span the full range of disciplines concerned with analogy.}",
    isbn = {9780262316057},
    doi = {10.7551/mitpress/1251.001.0001},
    url = {https://doi.org/10.7551/mitpress/1251.001.0001},
}


@InCollection{Plotkin70,
author = "G. D. Plotkin",
title = "A note on inductive generalization",
booktitle = "Machine Intelligence 5",
publisher = "American Elsevier",
year = "1970",
pages = "153--163",
}

@inproceedings{Tabareau2013AntiUnificationWT,
  title={Anti-Unification with Type Classes},
  author={Nicolas Tabareau and {\'E}ric Tanter and Ismael Figueroa},
  booktitle = {Journees Francophones
des Langages Applicatifs (JFLA)},
  year={2013}
}

@inproceedings{Besold2015GeneralizeAB,
  title={Generalize and Blend: Concept Blending Based on Generalization, Analogy, and Amalgams},
  author={Tarek R. Besold and Enric Plaza},
  booktitle={ICCC},
  year={2015}
}

@book{hofstadter2013surfaces,
  title={Surfaces and essences: Analogy as the fuel and fire of thinking},
  author={Hofstadter, Douglas R and Sander, Emmanuel},
  year={2013},
  publisher={Basic Books}
}

@inproceedings{Krumnack2007RestrictedHA,
  title={Restricted Higher-Order Anti-Unification for Analogy Making},
  author={Ulf Krumnack and Angela Schwering and Helmar Gust and Kai-Uwe K{\"u}hnberger},
  booktitle={Australian Conference on Artificial Intelligence},
  year={2007}
}

@article{Schwering2009SyntacticPO,
  title={Syntactic principles of heuristic-driven theory projection},
  author={Angela Schwering and Ulf Krumnack and Kai-Uwe K{\"u}hnberger and Helmar Gust},
  journal={Cognitive Systems Research},
  year={2009},
  volume={10},
  pages={251-269}
}

@inproceedings{Hofstadter1995TheCP,
  title={The Copycat project: a model of mental fluidity and analogy-making},
  author={Douglas Richard Hofstadter and Melanie Mitchell},
  year={1995},
  booktitle={Fluid Concepts and Creative Analogies}
}

@article{Gentner1983StructureMappingAT,
  title={Structure‚ÄêMapping: A Theoretical Framework for Analogy*},
  author={Dedre Gentner},
  journal={Cognitive Science},
  year={1983},
  volume={7},
  pages={155-170}
}